<?xml version="1.0" encoding="UTF-8"?><collection xmlns="http://www.loc.gov/MARC21/slim"><record><leader>00321nam--2200121-i-4500</leader><controlfield tag="001">000036322</controlfield><controlfield tag="002">20161230</controlfield><controlfield tag="005">20161230201040</controlfield><controlfield tag="008">060222s1000------------r-----000-0-eng-d</controlfield><datafield ind1=" " ind2=" " tag="100"><subfield code="a">Novacu, V</subfield></datafield><datafield ind1=" " ind2=" " tag="245"><subfield code="a">Dezvoltarea intrepretarii cauzale a mecanicii cuantice</subfield></datafield><datafield ind1=" " ind2=" " tag="260"><subfield code="a">/Bucuresti, Acad.Rpr, 1957/, 21p.Lito</subfield></datafield><datafield ind1=" " ind2=" " tag="852"><subfield code="a">4771</subfield></datafield></record></collection>